%% This BibTeX bibliography file was created using BibDesk.
%% http://bibdesk.sourceforge.net/


%% Created for Lauro Cesar Araujo at 2013-08-21 10:57:09 -0300 


%% Saved with string encoding Unicode (UTF-8) 

@article{mcclusky2010high,
  title={HIGH VOLTAGE RESONANT SELF-TRACKING CURRENT-FED CONVERTER},
  author={McClusky, Scott Logan},
  year={2010}
}

@phdthesis{paolucci2009novel,
  title={Novel Current-fed Boundary-mode Parallel-resonant Push-pull Converter: A Thesis},
  author={Paolucci, Jonathan David},
  year={2009},
  school={California Polytechnic State University}
}

@book{mohan2007power,
  title={Power electronics: converters, applications, and design},
  author={Mohan, Ned and Undeland, Tore M},
  year={2007},
  publisher={Wiley. com}
}

@inproceedings{andre2000reator,
  title={Reator eletr{\^o}nico auto-oscilante para l{\^a}mpadas fluorescentes com alto fator de pot{\^e}ncia utilizando Buck-Boost integrado},
  author={Andr{\'e}, Anderson S and Ara{\'u}jo, Marcus VA and Perin, Arnaldo J and Barbi, Ivo},
  booktitle={XIII Congresso Brasileiro de Autom{\'a}tica-XIIICBA. Florian{\'o}polis/SC},
  year={2000}
}

@misc{wiki-royer,
	author = {Wikipedia},
	title = {Royer oscillator},
	year = {2013},
	url = {http://en.wikipedia.org/wiki/Royer_oscillator},
	Urlaccessdate = {2013}
}

@misc{wiki-induction,
	author ={Wikipedia},
	title = {Electromagnetic induction},
	year = {2013},
	url = {http://en.wikipedia.org/wiki/Electromagnetic_induction},
	Urlaccessdate = {2013}
}

@misc{adams-science,
	author ={Adam Munich	},
	title = {ZVS (Mazilli) Driver},
	year = {2010},
	url = {http://adammunich.com/zvs-driver/},
	Urlaccessdate = {2013}
}

@misc{rm-cybernetics,
	author ={RMCybernetics},
	title = {A DIY Induction Heater},
	year = {2011},
	url = {http://www.rmcybernetics.com/projects/DIY_Devices/diy-induction-heater.htm},
	Urlaccessdate = {2013}
}

@misc{procel2007avaliaccao,
  title={Avalia{\c{c}}{\~a}o do mercado de efici{\^e}ncia energ{\'e}tica no Brasil-Ano base 2005-Classe residencial-Relat{\'o}rio Brasil},
  author={PROCEL, E},
  url={http://www.eletrobras.com/pci/main.asp},
  year={2007},
  Urlaccessdate = {2013}
}

@misc{pcbtrace,
  title={PCB Trace Online Calculator},
  author={Advanced Circuits},
  url={http://www.4pcb.com/trace-width-calculator.html},
  year={2007},
  Urlaccessdate = {2013}
}

@article{de2003calculo,
  title={C{\'a}lculo de Indut{\^a}ncias e indut{\^a}ncias m{\'u}tuas pelo m{\'e}todo de Maxwell},
  author={de Queiroz, Antonio CM},
  journal={1a. Semana da Eletr{\^o}nica, UFRJ},
  year={2003}
}

@article{wheeler1928simple,
  title={Simple inductance formulas for radio coils},
  author={Wheeler, Harold A},
  journal={Proceedings of the Institute of Radio Engineers},
  volume={16},
  number={10},
  pages={1398--1400},
  year={1928},
  publisher={IEEE}
}